<?xml version="1.0" encoding="UTF-8"?><collection xmlns="http://www.loc.gov/MARC21/slim"><record><leader>00604nam--2200181-i-4500</leader><controlfield tag="001">000015102</controlfield><controlfield tag="002">20161230</controlfield><controlfield tag="005">20161230201031</controlfield><controlfield tag="008">060222s1000------------r-----000-0-eng-d</controlfield><datafield ind1=" " ind2=" " tag="040"><subfield code="a">IFIN-HH</subfield></datafield><datafield ind1=" " ind2=" " tag="080"><subfield code="a">539.213</subfield></datafield><datafield ind1="1" ind2=" " tag="100"><subfield code="a">Weyl, Woldemar A</subfield></datafield><datafield ind1="1" ind2="0" tag="245"><subfield code="a">The constitution of glasses. a dynamic interpretation</subfield><subfield code="b">Vol.i: fundamentals of the structure of inorganic liquids and solids</subfield><subfield code="c">Woldemar a. weyl, evelyn chostner marboe</subfield></datafield><datafield ind1=" " ind2=" " tag="260"><subfield code="a">New York</subfield><subfield code="b">Interscience Publishers</subfield><subfield code="c">1962</subfield></datafield><datafield ind1=" " ind2=" " tag="300"><subfield code="a">XIX + 427 P</subfield></datafield><datafield ind1="1" ind2=" " tag="700"><subfield code="a">Marboe, Evelyn Chostner</subfield></datafield><datafield ind1=" " ind2=" " tag="852"><subfield code="a">77297</subfield><subfield code="c">539.21</subfield></datafield><datafield ind1=" " ind2=" " tag="CAT"><subfield code="a">Sys</subfield><subfield code="c">20121206</subfield><subfield code="h">165402</subfield></datafield></record></collection>